<record><leader>00000cas a22000007a 4500</leader><controlfield tag="001">15465340</controlfield><controlfield tag="008">870331d19401950pauwr ne      0    0eng d</controlfield><datafield ind1=" " ind2=" " tag="010"><subfield code="a">sn 87080119 </subfield></datafield><datafield ind1=" " ind2=" " tag="040"><subfield code="a">NPH</subfield><subfield code="b">eng</subfield><subfield code="c">NPH</subfield><subfield code="d">OCLCQ</subfield><subfield code="d">DLC</subfield></datafield><datafield ind1=" " ind2=" " tag="042"><subfield code="a">msc</subfield></datafield><datafield ind1="0" ind2="4" tag="245"><subfield code="a">The Wyoming countian.</subfield></datafield><datafield ind1=" " ind2=" " tag="260"><subfield code="a">Tunkhannock, Wyoming Co., Pa. :</subfield><subfield code="b">[s.n.]</subfield></datafield><datafield ind1=" " ind2=" " tag="300"><subfield code="a">v. :</subfield><subfield code="b">ill. ;</subfield><subfield code="c">55-56 cm.</subfield></datafield><datafield ind1=" " ind2=" " tag="310"><subfield code="a">Weekly</subfield></datafield><datafield ind1="1" ind2=" " tag="362"><subfield code="a">Began in 1940?</subfield></datafield><datafield ind1="1" ind2=" " tag="362"><subfield code="a">Ceased in 1950?</subfield><subfield code="z">Cf. Rossell, G. Pa. newspapers.</subfield></datafield><datafield ind1=" " ind2=" " tag="500"><subfield code="a">Published every Friday.</subfield></datafield><datafield ind1=" " ind2=" " tag="500"><subfield code="a">Publisher: Wyoming Countian, Inc. &lt;June 4, 1948&gt;.</subfield></datafield><datafield ind1=" " ind2=" " tag="500"><subfield code="a">Editor: Bert M. Van Dyke &lt;Nov. 22, 1940&gt;.</subfield></datafield><datafield ind1=" " ind2=" " tag="588"><subfield code="a">Description based on: Vol. 80, no. 1 (Nov. 22, 1940).</subfield></datafield><datafield ind1=" " ind2=" " tag="752"><subfield code="a">United States</subfield><subfield code="b">Pennsylvania</subfield><subfield code="c">Wyoming</subfield><subfield code="d">Tunkhannock.</subfield></datafield><datafield ind1="0" ind2="0" tag="780"><subfield code="t">Wyoming democrat (Tunkhannock, Pa. : 1867)</subfield><subfield code="x">2379-4968</subfield><subfield code="w">(DLC)sn 84026601</subfield><subfield code="w">(OCoLC)10528408</subfield></datafield><datafield ind1="0" ind2="0" tag="785"><subfield code="t">Wyoming County news</subfield><subfield code="w">(DLC)sn 87080120</subfield></datafield><datafield ind1="1" ind2=" " tag="029"><subfield code="a">AU@</subfield><subfield code="b">000025811234</subfield></datafield></record>